@article{complexNetworkMeasures,
  title={Complex network measures of brain connectivity: uses and interpretations},
  author={Rubinov, Mikail and Sporns, Olaf},
  journal={Neuroimage},
  volume={52},
  number={3},
  pages={1059--1069},
  year={2010},
  publisher={Elsevier}
}

@article{visualizingHumanConnectome,
  title={Visualizing the human connectome},
  author={Margulies, Daniel S and B{\"o}ttger, Joachim and Watanabe, Aimi and Gorgolewski, Krzysztof J},
  journal={NeuroImage},
  volume={80},
  pages={445--461},
  year={2013},
  publisher={Elsevier}
}
